@article{zieba2013boosted,
title={Boosted SVM for extracting rules from imbalanced data in application to prediction of the post-operative life expectancy in the lung cancer patients},
author={Zi{k{e}}ba, Maciej and Tomczak, Jakub M and Lubicz, Marek and {'S}wi{k{a}}tek, Jerzy},
journal={Applied Soft Computing},
year={2013},
publisher={Elsevier},
doi={[Web Link]}
}
